 @conference{exchange,
    author      = {Maggie Habeeb and Delaram Kahrobaei and Charalambos Koupparis and Vladimir Shpilrain},
    title       = {Public key exchange using semidirect product of (semi)groups},
    booktitle   = {Lecture Notes in Computer Science},
    volume      = {7954},
    address     = {Berlin, Heidelberg},
    year        = {2013},
    publisher   = {Springer}
}

@article{order,
    author      = {David Joyner},
    publisher   = {Johns Hopkins University Press},
    title       = {Adventures in group theory: Rubik's Cube, Merlin's machine, and Other Mathematical Toys},
    year        = {2002}
}

@article{janet,
    author      = {Janet Chen},
    title       = {Group Theory and the Rubik's Cube},
    year        = {2004}
}

@article{size,
    author      = {Christopher Mowla},
    title       = {The Rubik's Cube},
    year        = {2011}
}

@book{cbc_enc, 
    title       = {Encryption using the Cipher Block Chaining (CBC) mode}, 
    url         = {en.wikipedia.org}, 
    journal     = {Wikipedia}, 
    author      = {White Timberwolf}, 
    year        = {2013}, 
    month       = {6}
}

@book{cbc_dec, 
    title       = {Decryption using the Cipher Block Chaining (CBC) mode}, 
    url         = {en.wikipedia.org}, 
    journal     = {Wikipedia}, 
    author      = {White Timberwolf}, 
    year        = {2013}, 
    month       = {6}
}

@book{cryptography,
    publisher   = {Merriam-Webster},
    author      = {cryptography},
    title       = {Merriam-Webster.com. Web. 15 Dec 2018.},
    year        = {2011}
}

@misc{god, 
    title       = {God's Number is 20},
    url         = {www.cube20.org}, 
    journal     = {God's Number is 20}
}